@BOOK{dexter,
    AUTHOR="Chua, Dexter",
    TITLE="Representation Theory - 2016 lectures by S. Martin", 
    HOWPUBLISHED="\url{https://dec41.user.srcf.net/notes/II_L/representation_theory.pdf}",
    YEAR="2016"
}

@book{fulton_harris,
title="Representation theory: A first course",
publisher="Springer-Verlag",
author="Fulton, William and Harris, Joe",
year="1991"
}

@book{humphreys,
title="Introduction to Lie Algebras and Representation Theory",
author="Humphreys, James E",
year="1980"
}

@misc{miller,
title="Representation Theory And Quantum Mechanics",
howpublished="\url{https://scholar.harvard.edu/files/noahmiller/files/representation-theory-quantum.pdf}",
journal="Scholar.harvard.edu",
author="Miller, Noah",
year="2018"
}

@book{shankar,
PLACE="New York, NY",
title="Principles of quantum mechanics",
publisher="Springer",
author="Shankar, Ramamurti",
year="2014"
}

@book{taylor,
title="REPRESENTATIONS OF sl2(C)",
howpublished="\url{https://dornsife.usc.edu/assets/sites/1317/docs/files/talks/rep_sl_2.pdf}",
author="TAYLOR, JAY",
year="2021"
}

@book{varadarajan,
title="Lie groups, Lie algebras, and their representation",
author="Varadarajan, Veeravalli",
year="1974"
}

@book{woit,
title="Quantum Theory, Groups and Representations: An Introduction",
author="Woit, Peter",
year="2021"
}

@misc{alex,
title="Representation theory of compact groups",
howpublished="\url{http://www.math.caltech.edu/~2016-17/2term/ma145b/notes/RepCptGroups.pdf}",
journal="Math.caltech.edu",
author="Din, Alexander",
year="2017"
}

@misc{wiki,
   author = "{Wikipedia contributors}",
   title = "Special unitary group",
   year = "2020",
   url = "\url{https://en.wikipedia.org/wiki/Special_unitary_group}",
   note = "[Online; accessed April-2020]"
}